@online{SM,
    author        = {},
    title         = {PBS NOVA, Fermilab, Office of Science, United States Department of Energy, Particle Data Group.},
    year          = {},
    url           = {}
}

@book{griff,
    author        = {D.J. Griffiths},
    title         = {Introduction to Elementary Particles 2nd Edition},
    year          = {2004},
    publisher     = {WILEY-VCH Verlag GmbH \& Co. KGaA},
    location	  = {Weinheim}
}

@book{QED,
    author        = {Richard Feynman},
    title         = {QED: The Strange Theory of Light and Matter},
    year          = {1986},
    publisher     = {Princeton University Press}
}

@book{griff,
    author        = {D.J. Griffiths},
    title         = {Introduction to Elementary Particles 2nd Edition},
    year          = {2004},
    publisher     = {WILEY-VCH Verlag GmbH \& Co. KGaA},
    location	  = {Weinheim}
}

@Book{confinement,
ALTauthor = {J. Greensite},
ALTeditor = {ISBN 978-3-642-14382-3},
title = {An introduction to the confinement problem},
publisher = {Springer},
year = {2011},
}